<record><leader>00000cas a22000007a 4500</leader><controlfield tag="001">47220706</controlfield><controlfield tag="008">010629c20019999pauqx n       0   a0eng c</controlfield><datafield ind1=" " ind2=" " tag="010"><subfield code="a">  2001212678</subfield></datafield><datafield ind1=" " ind2=" " tag="040"><subfield code="a">NSD</subfield><subfield code="b">eng</subfield><subfield code="c">NSD</subfield><subfield code="d">OCLCQ</subfield></datafield><datafield ind1=" " ind2=" " tag="012"><subfield code="k">1</subfield><subfield code="l">1</subfield><subfield code="m">0</subfield></datafield><datafield ind1="1" ind2=" " tag="022"><subfield code="a">1535-8569</subfield><subfield code="l">1535-8569</subfield><subfield code="2">1</subfield></datafield><datafield ind1=" " ind2=" " tag="037"><subfield code="b">Social Studies Weekly, P.O. Box 256, Shrewsbury, PA 17361</subfield><subfield code="c">$7.50</subfield></datafield><datafield ind1=" " ind2=" " tag="042"><subfield code="a">nsdp</subfield><subfield code="a">pcc</subfield></datafield><datafield ind1="1" ind2="0" tag="050"><subfield code="a">ISSN RECORD</subfield></datafield><datafield ind1="0" ind2="4" tag="082"><subfield code="a">050</subfield></datafield><datafield ind1=" " ind2="0" tag="222"><subfield code="a">Indiana studies weekly</subfield></datafield><datafield ind1="0" ind2="0" tag="245"><subfield code="a">Indiana studies weekly.</subfield></datafield><datafield ind1=" " ind2=" " tag="260"><subfield code="a">Shrewsburg, PA :</subfield><subfield code="b">Social Studies Weekly,</subfield><subfield code="c">c2001-</subfield></datafield><datafield ind1=" " ind2=" " tag="300"><subfield code="a">v.</subfield></datafield><datafield ind1=" " ind2=" " tag="310"><subfield code="a">Four no. a year (Sept., Oct., Jan., and Mar.)</subfield></datafield><datafield ind1="0" ind2=" " tag="362"><subfield code="a">Vol. 1, issue 1-</subfield></datafield><datafield ind1=" " ind2=" " tag="500"><subfield code="a">Title from caption.</subfield></datafield><datafield ind1=" " ind2=" " tag="500"><subfield code="a">Published: Lindon, UT : Studies Weekly, Inc., &lt;Week 1, Jan. 2002-&gt;</subfield></datafield><datafield ind1=" " ind2=" " tag="515"><subfield code="a">Separate weekly issues collected and published together.</subfield></datafield><datafield ind1=" " ind2=" " tag="588"><subfield code="a">Latest issue consulted: Vol. 2, issue 2, week 14 (2nd quarter 2002/03).</subfield></datafield><datafield ind1="1" ind2=" " tag="029"><subfield code="a">AU@</subfield><subfield code="b">000022805740</subfield></datafield></record>